
@book{montavon_neural_2012,
	address = {Heidelberg},
	edition = {2. ed},
	series = {Lecture notes in computer science},
	title = {Neural networks: tricks of the trade},
	isbn = {978-3-642-35289-8 978-3-642-35288-1},
	shorttitle = {Neural networks},
	language = {eng},
	number = {7700},
	publisher = {Springer},
	editor = {Montavon, Grégoire},
	year = {2012},
	note = {OCLC: 828098376},
	annote = {Literaturangaben},
	file = {Table of Contents PDF:/Users/erwanrahis/Zotero/storage/ERAFVASJ/Montavon - 2012 - Neural networks tricks of the trade.pdf:application/pdf},
}

@book{goodfellow_deep_2016,
	address = {Cambridge, Massachusetts},
	series = {Adaptive computation and machine learning},
	title = {Deep learning},
	isbn = {978-0-262-03561-3},
	publisher = {The MIT Press},
	author = {Goodfellow, Ian and Bengio, Yoshua and Courville, Aaron},
	year = {2016},
	keywords = {Machine learning},
	annote = {Applied math and machine learning basics. Linear algebra -- Probability and information theory -- Numerical computation -- Machine learning basics -- Deep networks: modern practices. Deep feedforward networks -- Regularization for deep learning -- Optimization for training deep models -- Convolutional networks -- Sequence modeling: recurrent and recursive nets -- Practical methodology -- Applications -- Deep learning research. Linear factor models -- Autoencoders -- Representation learning -- Structured probabilistic models for deep learning -- Monte Carlo methods -- Confronting the partition function -- Approximate inference -- Deep generative models},
}



@misc{noauthor_hyperparameter_nodate,
	title = {Hyperparameter tuning with {Ray} {Tune} — {PyTorch} {Tutorials} 1.7.1 documentation},
	url = {https://pytorch.org/tutorials/beginner/hyperparameter_tuning_tutorial.html},
	urldate = {2020-12-21},
	file = {Hyperparameter tuning with Ray Tune — PyTorch Tutorials 1.7.1 documentation:C\:\\Users\\amale\\Zotero\\storage\\3IV2JY2F\\hyperparameter_tuning_tutorial.html:text/html},
}

@article{trivedi_lecture_nodate,
	title = {Lecture 7  {Convolutional} {Neural} {Networks} - {CMSC} 35246: {Deep} {Learning}},
	language = {en},
	author = {Trivedi, Shubhendu and Kondor, Risi},
	pages = {97},
	file = {Trivedi et Kondor - Lecture 7  Convolutional Neural Networks - CMSC 35.pdf:C\:\\Users\\amale\\Zotero\\storage\\SSHE5IBW\\Trivedi et Kondor - Lecture 7  Convolutional Neural Networks - CMSC 35.pdf:application/pdf},
}

@misc{budhiraja_learning_2018,
	title = {Learning {Less} to {Learn} {Better} — {Dropout} in ({Deep}) {Machine} learning},
	url = {https://medium.com/@amarbudhiraja/https-medium-com-amarbudhiraja-learning-less-to-learn-better-dropout-in-deep-machine-learning-74334da4bfc5},
	abstract = {In this post, I will primarily discuss the concept of dropout in neural networks, specifically deep nets, followed by an experiment …},
	language = {en},
	urldate = {2020-12-22},
	journal = {Medium},
	author = {Budhiraja, Amar},
	month = mar,
	year = {2018},
	file = {Snapshot:C\:\\Users\\amale\\Zotero\\storage\\LUZANBXU\\https-medium-com-amarbudhiraja-learning-less-to-learn-better-dropout-in-deep-machine-learning-7.html:text/html},
}

@misc{noauthor_dropout_nodate,
	title = {Dropout — {PyTorch} 1.7.0 documentation},
	url = {https://pytorch.org/docs/stable/generated/torch.nn.Dropout.html?fbclid=IwAR0RBp4gBaTIHppfSmSlNwfQ_yFBvCxNuwqM-iceBjP1UVYI9qAkToGU0bM},
	urldate = {2020-12-22},
	file = {Dropout — PyTorch 1.7.0 documentation:C\:\\Users\\amale\\Zotero\\storage\\VXYUNEVE\\torch.nn.Dropout.html:text/html},
}

@misc{noauthor_100_nodate,
	title = {100 - {Logistic} {Regression} with {IRIS} and pytorch — ensae\_teaching\_dl},
	url = {http://www.xavierdupre.fr/app/ensae_teaching_dl/helpsphinx/notebooks/100_Logistic_IRIS.html},
	urldate = {2020-12-22},
	file = {100 - Logistic Regression with IRIS and pytorch — ensae_teaching_dl:C\:\\Users\\amale\\Zotero\\storage\\C7XLM9J7\\100_Logistic_IRIS.html:text/html},
}

@misc{jang_pytorch_2019,
	title = {{PyTorch}: {Linear} and {Logistic} {Regression} {Models}},
	shorttitle = {{PyTorch}},
	url = {https://medium.com/biaslyai/pytorch-linear-and-logistic-regression-models-5c5f0da2cb9},
	abstract = {In the last tutorial, we’ve learned the basic tensor operations in PyTorch. In this post, we will observe how to build linear and logistic…},
	language = {en},
	urldate = {2020-12-22},
	journal = {Medium},
	author = {Jang, Andrea Eunbee},
	month = feb,
	year = {2019},
	file = {Snapshot:C\:\\Users\\amale\\Zotero\\storage\\M37HQPZK\\pytorch-linear-and-logistic-regression-models-5c5f0da2cb9.html:text/html},
}
